<record><leader>00000cas a22000007a 4500</leader><controlfield tag="001">10311537</controlfield><controlfield tag="008">840118d18671904njuwr ne      0    0eng d</controlfield><datafield ind1=" " ind2=" " tag="010"><subfield code="a">sn 84026164 </subfield></datafield><datafield ind1=" " ind2=" " tag="040"><subfield code="a">NPU</subfield><subfield code="b">eng</subfield><subfield code="c">NPU</subfield><subfield code="d">NPX</subfield><subfield code="d">NPA</subfield><subfield code="d">NJW</subfield><subfield code="d">OCL</subfield><subfield code="d">OCLCQ</subfield></datafield><datafield ind1=" " ind2=" " tag="042"><subfield code="a">msc</subfield></datafield><datafield ind1="0" ind2=" " tag="130"><subfield code="a">National standard (Salem, N.J. : 1867)</subfield></datafield><datafield ind1="1" ind2="0" tag="245"><subfield code="a">National standard.</subfield></datafield><datafield ind1="3" ind2="0" tag="246"><subfield code="a">Standard, national</subfield></datafield><datafield ind1=" " ind2=" " tag="260"><subfield code="a">Salem, N.J. :</subfield><subfield code="b">William S. Sharp</subfield></datafield><datafield ind1=" " ind2=" " tag="300"><subfield code="a">v. :</subfield><subfield code="b">ill. ;</subfield><subfield code="c">72 cm.</subfield></datafield><datafield ind1=" " ind2=" " tag="310"><subfield code="a">Weekly</subfield></datafield><datafield ind1="1" ind2=" " tag="362"><subfield code="a">Began with Dec. 11, 1867 issue; ceased with 0ct. 12, 1904 issue.</subfield></datafield><datafield ind1=" " ind2=" " tag="500"><subfield code="a">Published as: Standard, national, Jan. 13, 1904.</subfield></datafield><datafield ind1=" " ind2=" " tag="500"><subfield code="a">Publishers: William S. Sharp, &lt;1868-1871&gt;; S.W. Miller, Jr., &lt;1872-1877&gt;; S. Chew &amp; Brother, &lt;1903&gt;-1904.</subfield></datafield><datafield ind1=" " ind2=" " tag="500"><subfield code="a">Editors: William S. Sharp, &lt;1868-1871&gt;; S.W. Miller, Jr., &lt;1872-1877&gt;; William Chew, &lt;1903&gt;-1904.</subfield></datafield><datafield ind1=" " ind2=" " tag="500"><subfield code="a">"Republican."</subfield></datafield><datafield ind1=" " ind2=" " tag="530"><subfield code="a">Also issued on microfilm as part of the Civil War newspapers collection.</subfield></datafield><datafield ind1=" " ind2=" " tag="588"><subfield code="a">Description based on: Vol. 19, no. 42 (June 15, 1870).</subfield></datafield><datafield ind1=" " ind2=" " tag="752"><subfield code="a">United States</subfield><subfield code="b">New Jersey</subfield><subfield code="c">Salem</subfield><subfield code="d">Salem.</subfield></datafield><datafield ind1="0" ind2="0" tag="780"><subfield code="t">National standard and Salem County advertiser (1849)</subfield><subfield code="w">(DLC)sn 85025221</subfield><subfield code="w">(OCoLC)8199408</subfield></datafield><datafield ind1="0" ind2="7" tag="785"><subfield code="t">South Jerseyman</subfield><subfield code="w">(DLC)sn 90063113</subfield><subfield code="w">(OCoLC)23035449</subfield></datafield><datafield ind1="0" ind2="7" tag="785"><subfield code="t">Salem standard and Jerseyman</subfield><subfield code="w">(DLC)sn 84020554</subfield><subfield code="w">(OCoLC)11116399</subfield></datafield></record>